<record><leader>00000cas a2200000 a 4500</leader><controlfield tag="001">8789966</controlfield><controlfield tag="008">820920c19049999kyuwr ne      0   a0eng  </controlfield><datafield ind1=" " ind2=" " tag="010"><subfield code="a">sn 82014701 </subfield></datafield><datafield ind1=" " ind2=" " tag="040"><subfield code="a">DLC</subfield><subfield code="b">eng</subfield><subfield code="c">DLC</subfield><subfield code="d">KNP</subfield><subfield code="d">DLC</subfield><subfield code="d">KNP</subfield><subfield code="d">NVK</subfield><subfield code="d">OCL</subfield><subfield code="d">OCLCQ</subfield><subfield code="d">OCLCO</subfield><subfield code="d">OCLCQ</subfield><subfield code="d">OCLCF</subfield></datafield><datafield ind1="1" ind2=" " tag="029"><subfield code="a">AU@</subfield><subfield code="b">000025821229</subfield></datafield><datafield ind1=" " ind2=" " tag="037"><subfield code="b">Hickman County Gazette, East Clay St., P.O. Box 100, Clinton, KY 42031</subfield></datafield><datafield ind1=" " ind2=" " tag="042"><subfield code="a">msc</subfield></datafield><datafield ind1=" " ind2=" " tag="043"><subfield code="a">n-us-ky</subfield></datafield><datafield ind1="0" ind2="0" tag="050"><subfield code="a">Newspaper 7886</subfield></datafield><datafield ind1="0" ind2="4" tag="245"><subfield code="a">The Hickman County gazette.</subfield></datafield><datafield ind1=" " ind2=" " tag="260"><subfield code="a">Clinton, Ky. :</subfield><subfield code="b">J.G. Walker</subfield></datafield><datafield ind1=" " ind2=" " tag="300"><subfield code="a">v. :</subfield><subfield code="b">ill. ;</subfield><subfield code="c">61 cm.</subfield></datafield><datafield ind1=" " ind2=" " tag="310"><subfield code="a">Weekly</subfield></datafield><datafield ind1="1" ind2=" " tag="362"><subfield code="a">Began in 1904.</subfield><subfield code="z">Cf. Ayer, 1979.</subfield></datafield><datafield ind1=" " ind2=" " tag="500"><subfield code="a">Published 100th anniversary of Newspaper publishing in Hickman County ed., April 30, 1953.</subfield></datafield><datafield ind1=" " ind2=" " tag="500"><subfield code="a">"Democratic." Cf. Ayer, 1979.</subfield></datafield><datafield ind1=" " ind2=" " tag="588"><subfield code="a">Description based on: 17th year, no. 46 (Oct. 30, 1919).</subfield></datafield><datafield ind1=" " ind2="0" tag="651"><subfield code="a">Clinton (Ky.)</subfield><subfield code="v">Newspapers.</subfield></datafield><datafield ind1=" " ind2="0" tag="651"><subfield code="a">Hickman County (Ky.)</subfield><subfield code="v">Newspapers.</subfield></datafield><datafield ind1=" " ind2="7" tag="655"><subfield code="a">Newspapers.</subfield><subfield code="2">fast</subfield><subfield code="0">(OCoLC)fst01423814</subfield></datafield><datafield ind1=" " ind2="7" tag="651"><subfield code="a">Kentucky</subfield><subfield code="z">Clinton.</subfield><subfield code="2">fast</subfield><subfield code="0">(OCoLC)fst01217359</subfield></datafield><datafield ind1=" " ind2="7" tag="651"><subfield code="a">Kentucky</subfield><subfield code="z">Hickman County.</subfield><subfield code="2">fast</subfield><subfield code="0">(OCoLC)fst01215715</subfield></datafield><datafield ind1=" " ind2=" " tag="752"><subfield code="a">United States</subfield><subfield code="b">Kentucky</subfield><subfield code="c">Hickman</subfield><subfield code="d">Clinton.</subfield></datafield><datafield ind1="0" ind2=" " tag="775"><subfield code="t">Twice=a=week gazette (Clinton, Ky.)</subfield><subfield code="w">(DLC)sn 89058393</subfield></datafield></record>